%% This BibTeX bibliography file was created using BibDesk.
%% http://bibdesk.sourceforge.net/

%% Created for TESIS at 2019-02-13 17:06:26 -0500


%% Saved with string encoding Unicode (UTF-8)

@incollection{burstein2014international,
  title={International prices and exchange rates},
  author={Burstein, Ariel and Gopinath, Gita},
  booktitle={Handbook of international economics},
  volume={4},
  pages={391--451},
  year={2014},
  publisher={Elsevier}
}

@article{bussiere2013exchange,
  title={Exchange rate pass-through to trade prices: the role of nonlinearities and asymmetries},
  author={Bussiere, Matthieu},
  journal={Oxford Bulletin of Economics and Statistics 75},
  number={5},
  pages={731--758},
  year={2013},
  publisher={Wiley Online Library}
}

@techreport{NBERw20406,
 title = "Price Setting in Online Markets: Basic Facts, International Comparisons, and Cross-border Integration",
 author = "Gorodnichenko, Yuriy and Talavera, Oleksandr",
 institution = "National Bureau of Economic Research",
 type = "Working Paper",
 series = "Working Paper Series",
 number = "20406",
 year = "2014",
 month = "August",
 doi = {10.3386/w20406},
 URL = "http://www.nber.org/papers/w20406"
}

@article{Gopinath2010,
Author = {Gopinath, Gita and Itskhoki, Oleg and Rigobon, Roberto},
Title = {Currency Choice and Exchange Rate Pass-Through},
Journal = {American Economic Review},
Volume = {100},
Number = {1},
Year = {2010},
Month = {March},
Pages = {304-36},
DOI = {10.1257/aer.100.1.304},
URL = {http://www.aeaweb.org/articles?id=10.1257/aer.100.1.304}}

@techreport{kim2003,
title = {EXCHANGE RATE PASS-THROUGH AND ITS RELATION TO MARKET POWER: REINTERPRETATION OF THE DEGREE OF EXCHANGE RATE PASS-THROUGH},
author = {Kim, MinKyoung and Cho, Guedae and Koo, Won W.},
year = {2003},
institution = {American Agricultural Economics Association (New Name 2008: Agricultural and Applied Economics Association)},
type = {2003 Annual meeting, July 27-30, Montreal, Canada},
number = {21908},
abstract = {We propose a different perspective for interpretation of exchange rate pass-through: a relatively lower (higher) degree of pass-through implies a competitive (less competitive) market. Using three different wheat exporting countries, the United States, Canada, and Australia, and two importing countries, Japan and Korea, we are not likely to reject our hypothesis. In the competitive market (Japan), the exporting countries determine their prices based on changes in the competing country's price, and as a result, there is a close-to-zero degree of exchange rate pass-through. However, a lower degree of price competition and a significantly higher degree of exchange rate pass-through are found in a less competitive market (Korea).},
keywords = {Agribusiness},
url = {https://EconPapers.repec.org/RePEc:ags:aaea03:21908}
}

@article{gopinath2010itskhoki,
    author = {Gopinath, Gita and Itskhoki, Oleg},
    title = "{Frequency of Price Adjustment and Pass-Through}",
    journal = {The Quarterly Journal of Economics},
    volume = {125},
    number = {2},
    pages = {675-727},
    year = {2010},
    month = {05},
    abstract = "{We empirically document, using U.S. import prices, that on average goods with a high frequency of price adjustment have a long-run pass-through that is at least twice as high as that of low-frequency adjusters. We show theoretically that this relationship should follow because variable mark-ups that reduce longrun pass-through also reduce the curvature of the profit function when expressed as a function of cost shocks, making the firm less willing to adjust its price. We quantitatively evaluate a dynamic menu-cost model and show that the variable mark-up channel can generate significant variation in frequency, equivalent to 37\\% of the observed variation in the data. On the other hand, the standard workhorse model with constant elasticity of demand and Calvo or state-dependent pricing has difficulty matching the facts.}",
    issn = {0033-5533},
    doi = {10.1162/qjec.2010.125.2.675},
    url = {https://doi.org/10.1162/qjec.2010.125.2.675},
    eprint = {https://academic.oup.com/qje/article-pdf/125/2/675/5319718/125-2-675.pdf},
}

@article{winkelried2003,
  author={Winkelried, Diego},
  title={{¿Es asimétrico el pass-through en el Perú?: Un análisis agregado}},
  journal={Revista Estudios Económicos},
  year=2003,
  volume={},
  number={10},
  pages={},
  month={},
  keywords={},
  doi={},
  abstract={Una serie de elementos conceptuales sugieren que, en una economía abierta, el efecto de variaciones del tipo de cambio sobre los precios, conocido como pass-through, es fuertemente dependiente del estado de la economía. Este fenómeno puede tener implicancias considerables en el diseño de la política monetaria, por lo que es importante abordar el tema empírica y rigurosamente. En este documento se busca determinar hasta qué punto el pass-through es asimétrico y cuáles son los factores que explican dicha conducta en el Perú, una economía pequeña, abierta, dolarizada y bajo un esquema de metas de inflación. En virtud de ello, se estiman modelos de determinación de precios a lo largo de la cadena distributiva de bienes que introducen no-linealidades, utilizando técnicas recientes de vectores autoregresivos con transición suave (STVAR). Se encuentra que, en Perú, los estimados de pass-through son dependientes de una serie de factores macroeconómicos como el tamaño de la depreciación, la posición del ciclo económico, el contexto inflacionario, la efectividad del Banco Central en cumplir con sus objetivos y la evolución de indicadores de dolarización. Los hallazgos llaman a la reflexión sobre los posibles efectos que este comportamiento asimétrico pueda tener en las proyecciones de inflación y en los mecanismos de transmisión de la política monetaria.},
  url={https://ideas.repec.org/a/rbp/esteco/ree-10-06.html}
}

@article{miller2003,
author = {Miller, Shirley},
year = {2003},
month = {02},
pages = {},
title = {Estimación del pass-through del tipo de cambio a precios: 1995-2002},
volume = {10},
journal = {Revista Estudios Económicos}
}

@article{taylor2000,
  author={Taylor, John B.},
  title={{Low inflation, pass-through, and the pricing power of firms}},
  journal={European Economic Review},
  year=2000,
  volume={44},
  number={7},
  pages={1389-1408},
  month={June},
  keywords={},
  doi={},
  abstract={No abstract is available for this item.},
  url={https://ideas.repec.org/a/eee/eecrev/v44y2000i7p1389-1408.html}
}

@article{mccarthy2007,
 ISSN = {00945056, 19394632},
 URL = {http://www.jstor.org/stable/20642375},
 author = {Jonathan McCarthy},
 journal = {Eastern Economic Journal},
 number = {4},
 pages = {511--537},
 publisher = {Palgrave Macmillan Journals},
 title = {Pass-through of Exchange Rates and Import Prices to Domestic Inflation in Some Industrialized Economies},
 volume = {33},
 year = {2007}
}

@article{cavallo2016,
author = {Cavallo, Alberto},
year = {2016},
month = {11},
pages = {},
title = {Scraped Data and Sticky Prices},
volume = {100},
journal = {Review of Economics and Statistics},
doi = {10.1162/REST_a_00652}
}

@article{feenstra1996,
title = "Market share and exchange rate pass-through in world automobile trade",
journal = "Journal of International Economics",
volume = "40",
number = "1",
pages = "187 - 207",
year = "1996",
issn = "0022-1996",
doi = "https://doi.org/10.1016/0022-1996(95)01402-0",
url = "http://www.sciencedirect.com/science/article/pii/0022199695014020",
author = "Robert C. Feenstra and Joseph E. Gagnon and Michael M. Knetter",
keywords = "Imperfect competition, International trade, Pricing to market",
abstract = "Using a Bertrand differentiated products model we show that pass-through should be high for exporters based in a country with a very large share of total destination market sales. For source countries with small and intermediate market shares, the relationship is potentially nonlinear and sensitive to assumptions about demand and firm interactions. The model is estimated using a panel data set of automobile exports from four source countries to 12 destination markets over the period 1970–1988. The relationship between pass-through and market share is significantly nonlinear: pass-through is lowest when the source country's market share is around 40 percent and highest when market share approaches 100 percent."
}

@article{castellares2017,
  title={Condiciones de Mercado y Calidad como Determinantes del Traspaso del Tipo de Cambio: Evidencia a partir de Microdatos},
  author={Castellares, Renzo and others},
  journal={Revista Estudios Econ{\'o}micos},
  volume={33},
  pages={29--41},
  year={2017}
}

@techreport{kim2003,
  title={Exchange Rate Pass-Through and Its Relation to Market Power: Reinterpretation of the Degree of Exchange Rate Pass-through},
  author={Kim, MinKyoung and Cho, Guedae and Koo, Won W},
  year={2003}
}

@article{auer2009exchange,
  title={Exchange rate pass-through in a competitive model of pricing-to-market},
  author={Auer, Raphael and Chaney, Thomas},
  journal={Journal of money, credit and Banking},
  volume={41},
  pages={151--175},
  year={2009},
  publisher={Wiley Online Library}
}

@article{nakamura2013price,
  title={Price rigidity: Microeconomic evidence and macroeconomic implications},
  author={Nakamura, Emi and Steinsson, J{\'o}n},
  journal={Annu. Rev. Econ.},
  volume={5},
  number={1},
  pages={133--163},
  year={2013},
  publisher={Annual Reviews}
}

@article{winkelried2012traspaso,
  title={Traspaso del tipo de cambio y metas de inflaci{\'o}n en el Per{\'u}},
  author={Winkelried, Diego and others},
  journal={Revista de Estudios Econ{\'o}micos del BCRP,(23)},
  year={2012}
}

@book{lombardero2015trabajar,
  title={Trabajar en la era digital: tecnolog{\'\i}a y competencias para la transformaci{\'o}n digital},
  author={Lombardero, Luis},
  year={2015},
  publisher={Lid Editorial}
}

@article{rey2017transformacion,
  title={La transformaci{\'o}n digital de la distribuci{\'o}n comercial: la tienda f{\'\i}sica, de caja brick and mortar a nodo omnicanal},
  author={Rey-Garc{\'\i}a, Marta and Lirola-Walton, Elena and Mato-Santiso, Vanessa},
  journal={G INSIGHTS},
  pages={7--369},
  year={2017}
}

@article{global2016global,
  title={Global Powers of Retailing 2016-Navigating the new digital divide},
  author={Global, Deloitte},
  journal={Deloitte. Retrieved February},
  volume={10},
  pages={2016},
  year={2016}
}

@article{cavallo2016billion,
  title={The billion prices project: Using online prices for measurement and research},
  author={Cavallo, Alberto and Rigobon, Roberto},
  journal={Journal of Economic Perspectives},
  volume={30},
  number={2},
  pages={151--78},
  year={2016}
}

@article{cavallo2018scraped,
  title={Scraped data and sticky prices},
  author={Cavallo, Alberto},
  journal={Review of Economics and Statistics},
  volume={100},
  number={1},
  pages={105--119},
  year={2018},
  publisher={MIT Press}
}

@techreport{kochen2016price,
  title={Price-setting and exchange rate pass-through in the Mexican economy: Evidence from CPI micro data},
  author={Kochen, Federico and S{\'a}mano, Daniel},
  year={2016},
  institution={Working Papers}
}

@article{bholat2019enhancing,
  title={Enhancing central bank communications using simple and relatable information},
  author={Bholat, David and Broughton, Nida and Ter Meer, Janna and Walczak, Eryk},
  journal={Journal of Monetary Economics},
  year={2019},
  publisher={Elsevier}
}

@article{blinder2008central,
  Author={Blinder, Alan S and Ehrmann, Michael and Fratzscher, Marcel and De Haan, Jakob and Jansen, David-Jan},
  Journal={Journal of Economic Literature},
  Pages={910--45},
  Title={Central bank communication and monetary policy: A survey of theory and evidence},
  Volume={46(4)},
  Year={2008}
}

@article{hausmann2003determinants,
	Author = {Hausmann, Ricardo and Panizza, Ugo},
	Date-Modified = {2018-11-20 14:14:19 -0500},
	Journal = {Journal of International Money and Finance},
	Number = {7},
	Pages = {957--990},
	Publisher = {Elsevier},
	Title = {{On the Determinants of Original Sin: An Empirical Investigation}},
	Volume = {22},
	Year = {2003}}
